@misc{assignment-description,
	author = {Stephen Checkoway},
	title = {Assignment 1: Scientific writing critique},
	year = 2017,
	month = jan,
	note = {Online: \url{https://www.cs.uic.edu/~s/teaching/cs590/2017-spring/assignment1.html}},
}
